@inproceedings{grave2018learning,
    title = {Learning Word Vectors for 157 Languages},
    author = {Grave, Edouard and Bojanowski, Piotr and Gupta, Prakhar and Joulin, Armand and Mikolov, Tomas},
    booktitle = {Proceedings of the International Conference on Language Resources and Evaluation (LREC 2018)},
    year = {2018}
}